%YAML 1.1
%TAG !u! tag:unity3d.com,2011:
--- !u!1 &342138502
GameObject:
  m_ObjectHideFlags: 0
  m_CorrespondingSourceObject: {fileID: 0}
  m_PrefabInstance: {fileID: 0}
  m_PrefabAsset: {fileID: 0}
  serializedVersion: 6
  m_Component:
  - component: {fileID: 342138503}
  m_Layer: 0
  m_Name: CameraTarget
  m_TagString: Untagged
  m_Icon: {fileID: 0}
  m_NavMeshLayer: 0
  m_StaticEditorFlags: 0
  m_IsActive: 1
--- !u!4 &342138503
Transform:
  m_ObjectHideFlags: 0
  m_CorrespondingSourceObject: {fileID: 0}
  m_PrefabInstance: {fileID: 0}
  m_PrefabAsset: {fileID: 0}
  m_GameObject: {fileID: 342138502}
  m_LocalRotation: {x: 0, y: 0, z: 0, w: 1}
  m_LocalPosition: {x: 0, y: 1.75, z: 0}
  m_LocalScale: {x: 1, y: 1, z: 1}
  m_ConstrainProportionsScale: 0
  m_Children: []
  m_Father: {fileID: 7758337715482996057}
  m_RootOrder: -1
  m_LocalEulerAnglesHint: {x: 0, y: 0, z: 0}
--- !u!1 &597947585
GameObject:
  m_ObjectHideFlags: 0
  m_CorrespondingSourceObject: {fileID: 0}
  m_PrefabInstance: {fileID: 0}
  m_PrefabAsset: {fileID: 0}
  serializedVersion: 6
  m_Component:
  - component: {fileID: 597947586}
  - component: {fileID: 597947587}
  - component: {fileID: 597947588}
  m_Layer: 0
  m_Name: LedgeCollector
  m_TagString: Untagged
  m_Icon: {fileID: 0}
  m_NavMeshLayer: 0
  m_StaticEditorFlags: 0
  m_IsActive: 1
--- !u!4 &597947586
Transform:
  m_ObjectHideFlags: 0
  m_CorrespondingSourceObject: {fileID: 0}
  m_PrefabInstance: {fileID: 0}
  m_PrefabAsset: {fileID: 0}
  m_GameObject: {fileID: 597947585}
  m_LocalRotation: {x: 0, y: 0, z: 0, w: 1}
  m_LocalPosition: {x: 0, y: 0, z: 0}
  m_LocalScale: {x: 1, y: 1, z: 1}
  m_ConstrainProportionsScale: 0
  m_Children: []
  m_Father: {fileID: 7758337715482996057}
  m_RootOrder: -1
  m_LocalEulerAnglesHint: {x: 0, y: 0, z: 0}
--- !u!114 &597947587
MonoBehaviour:
  m_ObjectHideFlags: 0
  m_CorrespondingSourceObject: {fileID: 0}
  m_PrefabInstance: {fileID: 0}
  m_PrefabAsset: {fileID: 0}
  m_GameObject: {fileID: 597947585}
  m_Enabled: 1
  m_EditorHideFlags: 0
  m_Script: {fileID: 11500000, guid: 6c0194cc87c589044861554e10e6a56f, type: 3}
  m_Name: 
  m_EditorClassIdentifier: 
--- !u!135 &597947588
SphereCollider:
  m_ObjectHideFlags: 0
  m_CorrespondingSourceObject: {fileID: 0}
  m_PrefabInstance: {fileID: 0}
  m_PrefabAsset: {fileID: 0}
  m_GameObject: {fileID: 597947585}
  m_Material: {fileID: 0}
  m_IsTrigger: 1
  m_Enabled: 1
  serializedVersion: 2
  m_Radius: 3
  m_Center: {x: 0, y: 1, z: 0}
--- !u!1 &155163633074789593
GameObject:
  m_ObjectHideFlags: 0
  m_CorrespondingSourceObject: {fileID: 0}
  m_PrefabInstance: {fileID: 0}
  m_PrefabAsset: {fileID: 0}
  serializedVersion: 6
  m_Component:
  - component: {fileID: 45617279283161584}
  m_Layer: 0
  m_Name: PlayerMechanics
  m_TagString: Untagged
  m_Icon: {fileID: 0}
  m_NavMeshLayer: 0
  m_StaticEditorFlags: 0
  m_IsActive: 1
--- !u!4 &45617279283161584
Transform:
  m_ObjectHideFlags: 0
  m_CorrespondingSourceObject: {fileID: 0}
  m_PrefabInstance: {fileID: 0}
  m_PrefabAsset: {fileID: 0}
  m_GameObject: {fileID: 155163633074789593}
  m_LocalRotation: {x: -0, y: -0, z: -0, w: 1}
  m_LocalPosition: {x: 714.3645, y: -90.78741, z: 471.56256}
  m_LocalScale: {x: 1, y: 1, z: 1}
  m_ConstrainProportionsScale: 0
  m_Children:
  - {fileID: 2938037654707235454}
  - {fileID: 2930913449164144272}
  m_Father: {fileID: 7055245110091068060}
  m_RootOrder: 5
  m_LocalEulerAnglesHint: {x: 0, y: 0, z: 0}
--- !u!1 &3411416566634744573
GameObject:
  m_ObjectHideFlags: 0
  m_CorrespondingSourceObject: {fileID: 0}
  m_PrefabInstance: {fileID: 0}
  m_PrefabAsset: {fileID: 0}
  serializedVersion: 6
  m_Component:
  - component: {fileID: 7055245110091068060}
  m_Layer: 0
  m_Name: PlatformerEngineTest
  m_TagString: Untagged
  m_Icon: {fileID: 0}
  m_NavMeshLayer: 0
  m_StaticEditorFlags: 0
  m_IsActive: 1
--- !u!4 &7055245110091068060
Transform:
  m_ObjectHideFlags: 0
  m_CorrespondingSourceObject: {fileID: 0}
  m_PrefabInstance: {fileID: 0}
  m_PrefabAsset: {fileID: 0}
  m_GameObject: {fileID: 3411416566634744573}
  m_LocalRotation: {x: 0, y: 0, z: 0, w: 1}
  m_LocalPosition: {x: 0, y: 0, z: 0}
  m_LocalScale: {x: 1, y: 1, z: 1}
  m_ConstrainProportionsScale: 0
  m_Children:
  - {fileID: 1362650154375194878}
  - {fileID: 542106700773987377}
  - {fileID: 45617279283161584}
  - {fileID: 3337766640115388158}
  - {fileID: 3395800870929331960}
  - {fileID: 1543144806581969807}
  - {fileID: 7758337715482996057}
  - {fileID: 6893568556841520665}
  m_Father: {fileID: 0}
  m_RootOrder: 0
  m_LocalEulerAnglesHint: {x: 0, y: 0, z: 0}
--- !u!1 &7655716219641941315
GameObject:
  m_ObjectHideFlags: 0
  m_CorrespondingSourceObject: {fileID: 0}
  m_PrefabInstance: {fileID: 0}
  m_PrefabAsset: {fileID: 0}
  serializedVersion: 6
  m_Component:
  - component: {fileID: 3337766640115388158}
  m_Layer: 0
  m_Name: Collectibles
  m_TagString: Untagged
  m_Icon: {fileID: 0}
  m_NavMeshLayer: 0
  m_StaticEditorFlags: 0
  m_IsActive: 1
--- !u!4 &3337766640115388158
Transform:
  m_ObjectHideFlags: 0
  m_CorrespondingSourceObject: {fileID: 0}
  m_PrefabInstance: {fileID: 0}
  m_PrefabAsset: {fileID: 0}
  m_GameObject: {fileID: 7655716219641941315}
  m_LocalRotation: {x: 0, y: 0, z: 0, w: 1}
  m_LocalPosition: {x: 0, y: 0, z: 0}
  m_LocalScale: {x: 1, y: 1, z: 1}
  m_ConstrainProportionsScale: 0
  m_Children:
  - {fileID: 1549256779345010867}
  m_Father: {fileID: 7055245110091068060}
  m_RootOrder: 6
  m_LocalEulerAnglesHint: {x: 0, y: 0, z: 0}
--- !u!1 &7922756596471630579
GameObject:
  m_ObjectHideFlags: 0
  m_CorrespondingSourceObject: {fileID: 0}
  m_PrefabInstance: {fileID: 0}
  m_PrefabAsset: {fileID: 0}
  serializedVersion: 6
  m_Component:
  - component: {fileID: 3395800870929331960}
  - component: {fileID: 610697664521827620}
  - component: {fileID: 7170246706139655261}
  - component: {fileID: 8858829020741200545}
  m_Layer: 0
  m_Name: GameplayMenuSuperObject
  m_TagString: Untagged
  m_Icon: {fileID: 0}
  m_NavMeshLayer: 0
  m_StaticEditorFlags: 0
  m_IsActive: 1
--- !u!4 &3395800870929331960
Transform:
  m_ObjectHideFlags: 0
  m_CorrespondingSourceObject: {fileID: 0}
  m_PrefabInstance: {fileID: 0}
  m_PrefabAsset: {fileID: 0}
  m_GameObject: {fileID: 7922756596471630579}
  m_LocalRotation: {x: 0, y: 0, z: 0, w: 1}
  m_LocalPosition: {x: 0, y: 0, z: 0}
  m_LocalScale: {x: 1, y: 1, z: 1}
  m_ConstrainProportionsScale: 0
  m_Children: []
  m_Father: {fileID: 7055245110091068060}
  m_RootOrder: 7
  m_LocalEulerAnglesHint: {x: 0, y: 0, z: 0}
--- !u!114 &610697664521827620
MonoBehaviour:
  m_ObjectHideFlags: 0
  m_CorrespondingSourceObject: {fileID: 0}
  m_PrefabInstance: {fileID: 0}
  m_PrefabAsset: {fileID: 0}
  m_GameObject: {fileID: 7922756596471630579}
  m_Enabled: 1
  m_EditorHideFlags: 0
  m_Script: {fileID: 11500000, guid: 4ee738962afa5e5459f256ac6beb3a50, type: 3}
  m_Name: 
  m_EditorClassIdentifier: 
--- !u!114 &7170246706139655261
MonoBehaviour:
  m_ObjectHideFlags: 0
  m_CorrespondingSourceObject: {fileID: 0}
  m_PrefabInstance: {fileID: 0}
  m_PrefabAsset: {fileID: 0}
  m_GameObject: {fileID: 7922756596471630579}
  m_Enabled: 1
  m_EditorHideFlags: 0
  m_Script: {fileID: 11500000, guid: 21a4dc199ce3d41479697e2567f50be6, type: 3}
  m_Name: 
  m_EditorClassIdentifier: 
--- !u!114 &8858829020741200545
MonoBehaviour:
  m_ObjectHideFlags: 0
  m_CorrespondingSourceObject: {fileID: 0}
  m_PrefabInstance: {fileID: 0}
  m_PrefabAsset: {fileID: 0}
  m_GameObject: {fileID: 7922756596471630579}
  m_Enabled: 1
  m_EditorHideFlags: 0
  m_Script: {fileID: 11500000, guid: 02ba1f61d60e9564689c96de2b14bb58, type: 3}
  m_Name: 
  m_EditorClassIdentifier: 
--- !u!1001 &615283115
PrefabInstance:
  m_ObjectHideFlags: 0
  serializedVersion: 2
  m_Modification:
    serializedVersion: 2
    m_TransformParent: {fileID: 7758337715482996057}
    m_Modifications:
    - target: {fileID: -8679921383154817045, guid: 5632950cc3c94284295c17e48b792271,
        type: 3}
      propertyPath: m_RootOrder
      value: -1
      objectReference: {fileID: 0}
    - target: {fileID: -8679921383154817045, guid: 5632950cc3c94284295c17e48b792271,
        type: 3}
      propertyPath: m_LocalPosition.x
      value: 0
      objectReference: {fileID: 0}
    - target: {fileID: -8679921383154817045, guid: 5632950cc3c94284295c17e48b792271,
        type: 3}
      propertyPath: m_LocalPosition.y
      value: 0
      objectReference: {fileID: 0}
    - target: {fileID: -8679921383154817045, guid: 5632950cc3c94284295c17e48b792271,
        type: 3}
      propertyPath: m_LocalPosition.z
      value: 0
      objectReference: {fileID: 0}
    - target: {fileID: -8679921383154817045, guid: 5632950cc3c94284295c17e48b792271,
        type: 3}
      propertyPath: m_LocalRotation.w
      value: 1
      objectReference: {fileID: 0}
    - target: {fileID: -8679921383154817045, guid: 5632950cc3c94284295c17e48b792271,
        type: 3}
      propertyPath: m_LocalRotation.x
      value: -0
      objectReference: {fileID: 0}
    - target: {fileID: -8679921383154817045, guid: 5632950cc3c94284295c17e48b792271,
        type: 3}
      propertyPath: m_LocalRotation.y
      value: -0
      objectReference: {fileID: 0}
    - target: {fileID: -8679921383154817045, guid: 5632950cc3c94284295c17e48b792271,
        type: 3}
      propertyPath: m_LocalRotation.z
      value: -0
      objectReference: {fileID: 0}
    - target: {fileID: -8679921383154817045, guid: 5632950cc3c94284295c17e48b792271,
        type: 3}
      propertyPath: m_LocalEulerAnglesHint.x
      value: 0
      objectReference: {fileID: 0}
    - target: {fileID: -8679921383154817045, guid: 5632950cc3c94284295c17e48b792271,
        type: 3}
      propertyPath: m_LocalEulerAnglesHint.y
      value: 0
      objectReference: {fileID: 0}
    - target: {fileID: -8679921383154817045, guid: 5632950cc3c94284295c17e48b792271,
        type: 3}
      propertyPath: m_LocalEulerAnglesHint.z
      value: 0
      objectReference: {fileID: 0}
    - target: {fileID: -6902751577521987283, guid: 5632950cc3c94284295c17e48b792271,
        type: 3}
      propertyPath: m_LocalRotation.x
      value: -0.020846654
      objectReference: {fileID: 0}
    - target: {fileID: -6902751577521987283, guid: 5632950cc3c94284295c17e48b792271,
        type: 3}
      propertyPath: m_LocalRotation.z
      value: -0.0517667
      objectReference: {fileID: 0}
    - target: {fileID: 919132149155446097, guid: 5632950cc3c94284295c17e48b792271,
        type: 3}
      propertyPath: m_Name
      value: rayman3_with_helicopter_all_clips
      objectReference: {fileID: 0}
    m_RemovedComponents: []
    m_AddedGameObjects: []
  m_SourcePrefab: {fileID: 100100000, guid: 5632950cc3c94284295c17e48b792271, type: 3}
--- !u!4 &543450653084687936 stripped
Transform:
  m_CorrespondingSourceObject: {fileID: -8679921383154817045, guid: 5632950cc3c94284295c17e48b792271,
    type: 3}
  m_PrefabInstance: {fileID: 615283115}
  m_PrefabAsset: {fileID: 0}
--- !u!1 &919132148561167610 stripped
GameObject:
  m_CorrespondingSourceObject: {fileID: 919132149155446097, guid: 5632950cc3c94284295c17e48b792271,
    type: 3}
  m_PrefabInstance: {fileID: 615283115}
  m_PrefabAsset: {fileID: 0}
--- !u!95 &378293911
Animator:
  serializedVersion: 4
  m_ObjectHideFlags: 0
  m_CorrespondingSourceObject: {fileID: 0}
  m_PrefabInstance: {fileID: 0}
  m_PrefabAsset: {fileID: 0}
  m_GameObject: {fileID: 919132148561167610}
  m_Enabled: 1
  m_Avatar: {fileID: 0}
  m_Controller: {fileID: 9100000, guid: 52f8bb58df2b5734d98b5830bc177c87, type: 2}
  m_CullingMode: 0
  m_UpdateMode: 0
  m_ApplyRootMotion: 0
  m_LinearVelocityBlending: 0
  m_StabilizeFeet: 0
  m_WarningMessage: 
  m_HasTransformHierarchy: 1
  m_AllowConstantClipSamplingOptimization: 1
  m_KeepAnimatorControllerStateOnDisable: 0
--- !u!114 &378293908
MonoBehaviour:
  m_ObjectHideFlags: 0
  m_CorrespondingSourceObject: {fileID: 0}
  m_PrefabInstance: {fileID: 0}
  m_PrefabAsset: {fileID: 0}
  m_GameObject: {fileID: 919132148561167610}
  m_Enabled: 1
  m_EditorHideFlags: 0
  m_Script: {fileID: 11500000, guid: ca96868baaa2b0c439bfa6bc073cb989, type: 3}
  m_Name: 
  m_EditorClassIdentifier: 
--- !u!114 &378293910
MonoBehaviour:
  m_ObjectHideFlags: 0
  m_CorrespondingSourceObject: {fileID: 0}
  m_PrefabInstance: {fileID: 0}
  m_PrefabAsset: {fileID: 0}
  m_GameObject: {fileID: 919132148561167610}
  m_Enabled: 0
  m_EditorHideFlags: 0
  m_Script: {fileID: 11500000, guid: 8c9f4223659c13c4982cb8edcc31fcce, type: 3}
  m_Name: 
  m_EditorClassIdentifier: 
--- !u!1001 &1167118961500574267
PrefabInstance:
  m_ObjectHideFlags: 0
  serializedVersion: 2
  m_Modification:
    serializedVersion: 2
    m_TransformParent: {fileID: 7055245110091068060}
    m_Modifications:
    - target: {fileID: 205876523628460741, guid: 48ba0245d467c764796afd5ab3c7362e,
        type: 3}
      propertyPath: m_RootOrder
      value: 1
      objectReference: {fileID: 0}
    - target: {fileID: 205876523628460741, guid: 48ba0245d467c764796afd5ab3c7362e,
        type: 3}
      propertyPath: m_LocalPosition.x
      value: 724.0614
      objectReference: {fileID: 0}
    - target: {fileID: 205876523628460741, guid: 48ba0245d467c764796afd5ab3c7362e,
        type: 3}
      propertyPath: m_LocalPosition.y
      value: -87.81574
      objectReference: {fileID: 0}
    - target: {fileID: 205876523628460741, guid: 48ba0245d467c764796afd5ab3c7362e,
        type: 3}
      propertyPath: m_LocalPosition.z
      value: 441.5112
      objectReference: {fileID: 0}
    - target: {fileID: 205876523628460741, guid: 48ba0245d467c764796afd5ab3c7362e,
        type: 3}
      propertyPath: m_LocalRotation.w
      value: 1
      objectReference: {fileID: 0}
    - target: {fileID: 205876523628460741, guid: 48ba0245d467c764796afd5ab3c7362e,
        type: 3}
      propertyPath: m_LocalRotation.x
      value: 0
      objectReference: {fileID: 0}
    - target: {fileID: 205876523628460741, guid: 48ba0245d467c764796afd5ab3c7362e,
        type: 3}
      propertyPath: m_LocalRotation.y
      value: 0
      objectReference: {fileID: 0}
    - target: {fileID: 205876523628460741, guid: 48ba0245d467c764796afd5ab3c7362e,
        type: 3}
      propertyPath: m_LocalRotation.z
      value: 0
      objectReference: {fileID: 0}
    - target: {fileID: 205876523628460741, guid: 48ba0245d467c764796afd5ab3c7362e,
        type: 3}
      propertyPath: m_LocalEulerAnglesHint.x
      value: 0
      objectReference: {fileID: 0}
    - target: {fileID: 205876523628460741, guid: 48ba0245d467c764796afd5ab3c7362e,
        type: 3}
      propertyPath: m_LocalEulerAnglesHint.y
      value: 0
      objectReference: {fileID: 0}
    - target: {fileID: 205876523628460741, guid: 48ba0245d467c764796afd5ab3c7362e,
        type: 3}
      propertyPath: m_LocalEulerAnglesHint.z
      value: 0
      objectReference: {fileID: 0}
    - target: {fileID: 205876523628460747, guid: 48ba0245d467c764796afd5ab3c7362e,
        type: 3}
      propertyPath: m_Name
      value: GUISuperObject
      objectReference: {fileID: 0}
    m_RemovedComponents: []
    m_AddedGameObjects: []
  m_SourcePrefab: {fileID: 100100000, guid: 48ba0245d467c764796afd5ab3c7362e, type: 3}
--- !u!4 &1362650154375194878 stripped
Transform:
  m_CorrespondingSourceObject: {fileID: 205876523628460741, guid: 48ba0245d467c764796afd5ab3c7362e,
    type: 3}
  m_PrefabInstance: {fileID: 1167118961500574267}
  m_PrefabAsset: {fileID: 0}
--- !u!1001 &1694335254273029728
PrefabInstance:
  m_ObjectHideFlags: 0
  serializedVersion: 2
  m_Modification:
    serializedVersion: 2
    m_TransformParent: {fileID: 3337766640115388158}
    m_Modifications:
    - target: {fileID: 145078612857771731, guid: f06e760c692d35c49ac8d3d1afb8ab28,
        type: 3}
      propertyPath: m_RootOrder
      value: 0
      objectReference: {fileID: 0}
    - target: {fileID: 145078612857771731, guid: f06e760c692d35c49ac8d3d1afb8ab28,
        type: 3}
      propertyPath: m_LocalPosition.x
      value: 715.7
      objectReference: {fileID: 0}
    - target: {fileID: 145078612857771731, guid: f06e760c692d35c49ac8d3d1afb8ab28,
        type: 3}
      propertyPath: m_LocalPosition.y
      value: -96.48
      objectReference: {fileID: 0}
    - target: {fileID: 145078612857771731, guid: f06e760c692d35c49ac8d3d1afb8ab28,
        type: 3}
      propertyPath: m_LocalPosition.z
      value: 453.42
      objectReference: {fileID: 0}
    - target: {fileID: 145078612857771731, guid: f06e760c692d35c49ac8d3d1afb8ab28,
        type: 3}
      propertyPath: m_LocalRotation.w
      value: 1
      objectReference: {fileID: 0}
    - target: {fileID: 145078612857771731, guid: f06e760c692d35c49ac8d3d1afb8ab28,
        type: 3}
      propertyPath: m_LocalRotation.x
      value: 0
      objectReference: {fileID: 0}
    - target: {fileID: 145078612857771731, guid: f06e760c692d35c49ac8d3d1afb8ab28,
        type: 3}
      propertyPath: m_LocalRotation.y
      value: -0
      objectReference: {fileID: 0}
    - target: {fileID: 145078612857771731, guid: f06e760c692d35c49ac8d3d1afb8ab28,
        type: 3}
      propertyPath: m_LocalRotation.z
      value: -0
      objectReference: {fileID: 0}
    - target: {fileID: 145078612857771731, guid: f06e760c692d35c49ac8d3d1afb8ab28,
        type: 3}
      propertyPath: m_LocalEulerAnglesHint.x
      value: 0
      objectReference: {fileID: 0}
    - target: {fileID: 145078612857771731, guid: f06e760c692d35c49ac8d3d1afb8ab28,
        type: 3}
      propertyPath: m_LocalEulerAnglesHint.y
      value: 0
      objectReference: {fileID: 0}
    - target: {fileID: 145078612857771731, guid: f06e760c692d35c49ac8d3d1afb8ab28,
        type: 3}
      propertyPath: m_LocalEulerAnglesHint.z
      value: 0
      objectReference: {fileID: 0}
    - target: {fileID: 668991898527239273, guid: f06e760c692d35c49ac8d3d1afb8ab28,
        type: 3}
      propertyPath: m_Name
      value: Goldjewel
      objectReference: {fileID: 0}
    m_RemovedComponents: []
    m_AddedGameObjects: []
  m_SourcePrefab: {fileID: 100100000, guid: f06e760c692d35c49ac8d3d1afb8ab28, type: 3}
--- !u!4 &1549256779345010867 stripped
Transform:
  m_CorrespondingSourceObject: {fileID: 145078612857771731, guid: f06e760c692d35c49ac8d3d1afb8ab28,
    type: 3}
  m_PrefabInstance: {fileID: 1694335254273029728}
  m_PrefabAsset: {fileID: 0}
--- !u!1001 &2654349166405916090
PrefabInstance:
  m_ObjectHideFlags: 0
  serializedVersion: 2
  m_Modification:
    serializedVersion: 2
    m_TransformParent: {fileID: 7055245110091068060}
    m_Modifications:
    - target: {fileID: 1917512382240380618, guid: 6dd6d9ba347440c4594fd90751496d9f,
        type: 3}
      propertyPath: m_LocalRotation.w
      value: 1
      objectReference: {fileID: 0}
    - target: {fileID: 1917512382240380618, guid: 6dd6d9ba347440c4594fd90751496d9f,
        type: 3}
      propertyPath: m_LocalRotation.x
      value: 0
      objectReference: {fileID: 0}
    - target: {fileID: 1917512382240380618, guid: 6dd6d9ba347440c4594fd90751496d9f,
        type: 3}
      propertyPath: m_LocalRotation.z
      value: 0
      objectReference: {fileID: 0}
    - target: {fileID: 4349613698614208774, guid: 6dd6d9ba347440c4594fd90751496d9f,
        type: 3}
      propertyPath: m_IsActive
      value: 0
      objectReference: {fileID: 0}
    - target: {fileID: 4815327015446237554, guid: 6dd6d9ba347440c4594fd90751496d9f,
        type: 3}
      propertyPath: playerParams.surfaceParams.transitionHeight
      value: 1.7
      objectReference: {fileID: 0}
    - target: {fileID: 4815327015446237554, guid: 6dd6d9ba347440c4594fd90751496d9f,
        type: 3}
      propertyPath: playerParams.surfaceParams.transitionDuration
      value: 0.8
      objectReference: {fileID: 0}
    - target: {fileID: 4815327015446237554, guid: 6dd6d9ba347440c4594fd90751496d9f,
        type: 3}
      propertyPath: playerParams.surfaceParams.transitionRotation
      value: 0.35
      objectReference: {fileID: 0}
    - target: {fileID: 4815327015446237554, guid: 6dd6d9ba347440c4594fd90751496d9f,
        type: 3}
      propertyPath: playerParams.surfaceParams.rotationCurve.m_Curve.Array.size
      value: 2
      objectReference: {fileID: 0}
    - target: {fileID: 4815327015446237554, guid: 6dd6d9ba347440c4594fd90751496d9f,
        type: 3}
      propertyPath: playerParams.surfaceParams.transitionCurve.m_Curve.Array.size
      value: 2
      objectReference: {fileID: 0}
    - target: {fileID: 4815327015446237554, guid: 6dd6d9ba347440c4594fd90751496d9f,
        type: 3}
      propertyPath: playerParams.submergedParams.transitionCurve.m_Curve.Array.size
      value: 2
      objectReference: {fileID: 0}
    - target: {fileID: 4815327015446237554, guid: 6dd6d9ba347440c4594fd90751496d9f,
        type: 3}
      propertyPath: playerParams.surfaceParams.rotationCurve.m_Curve.Array.data[1].time
      value: 1
      objectReference: {fileID: 0}
    - target: {fileID: 4815327015446237554, guid: 6dd6d9ba347440c4594fd90751496d9f,
        type: 3}
      propertyPath: playerParams.surfaceParams.rotationCurve.m_Curve.Array.data[0].value
      value: 1
      objectReference: {fileID: 0}
    - target: {fileID: 4815327015446237554, guid: 6dd6d9ba347440c4594fd90751496d9f,
        type: 3}
      propertyPath: playerParams.surfaceParams.transitionCurve.m_Curve.Array.data[1].time
      value: 1
      objectReference: {fileID: 0}
    - target: {fileID: 4815327015446237554, guid: 6dd6d9ba347440c4594fd90751496d9f,
        type: 3}
      propertyPath: playerParams.surfaceParams.rotationCurve.m_Curve.Array.data[0].inSlope
      value: -0.0012453907
      objectReference: {fileID: 0}
    - target: {fileID: 4815327015446237554, guid: 6dd6d9ba347440c4594fd90751496d9f,
        type: 3}
      propertyPath: playerParams.surfaceParams.rotationCurve.m_Curve.Array.data[1].inSlope
      value: -3.0920084
      objectReference: {fileID: 0}
    - target: {fileID: 4815327015446237554, guid: 6dd6d9ba347440c4594fd90751496d9f,
        type: 3}
      propertyPath: playerParams.surfaceParams.transitionCurve.m_Curve.Array.data[1].value
      value: 1
      objectReference: {fileID: 0}
    - target: {fileID: 4815327015446237554, guid: 6dd6d9ba347440c4594fd90751496d9f,
        type: 3}
      propertyPath: playerParams.submergedParams.transitionCurve.m_Curve.Array.data[1].time
      value: 1
      objectReference: {fileID: 0}
    - target: {fileID: 4815327015446237554, guid: 6dd6d9ba347440c4594fd90751496d9f,
        type: 3}
      propertyPath: playerParams.surfaceParams.rotationCurve.m_Curve.Array.data[0].outSlope
      value: -0.0012453907
      objectReference: {fileID: 0}
    - target: {fileID: 4815327015446237554, guid: 6dd6d9ba347440c4594fd90751496d9f,
        type: 3}
      propertyPath: playerParams.surfaceParams.rotationCurve.m_Curve.Array.data[1].inWeight
      value: 0.046114445
      objectReference: {fileID: 0}
    - target: {fileID: 4815327015446237554, guid: 6dd6d9ba347440c4594fd90751496d9f,
        type: 3}
      propertyPath: playerParams.surfaceParams.rotationCurve.m_Curve.Array.data[1].outSlope
      value: -3.0920084
      objectReference: {fileID: 0}
    - target: {fileID: 4815327015446237554, guid: 6dd6d9ba347440c4594fd90751496d9f,
        type: 3}
      propertyPath: playerParams.submergedParams.transitionCurve.m_Curve.Array.data[1].value
      value: 1
      objectReference: {fileID: 0}
    - target: {fileID: 4815327015446237554, guid: 6dd6d9ba347440c4594fd90751496d9f,
        type: 3}
      propertyPath: playerParams.surfaceParams.rotationCurve.m_Curve.Array.data[0].outWeight
      value: 0.32793805
      objectReference: {fileID: 0}
    - target: {fileID: 5727738197150775523, guid: 6dd6d9ba347440c4594fd90751496d9f,
        type: 3}
      propertyPath: m_RootOrder
      value: 0
      objectReference: {fileID: 0}
    - target: {fileID: 5727738197150775523, guid: 6dd6d9ba347440c4594fd90751496d9f,
        type: 3}
      propertyPath: m_LocalPosition.x
      value: 590.15
      objectReference: {fileID: 0}
    - target: {fileID: 5727738197150775523, guid: 6dd6d9ba347440c4594fd90751496d9f,
        type: 3}
      propertyPath: m_LocalPosition.y
      value: 14
      objectReference: {fileID: 0}
    - target: {fileID: 5727738197150775523, guid: 6dd6d9ba347440c4594fd90751496d9f,
        type: 3}
      propertyPath: m_LocalPosition.z
      value: 486.2
      objectReference: {fileID: 0}
    - target: {fileID: 5727738197150775523, guid: 6dd6d9ba347440c4594fd90751496d9f,
        type: 3}
      propertyPath: m_LocalRotation.w
      value: 1
      objectReference: {fileID: 0}
    - target: {fileID: 5727738197150775523, guid: 6dd6d9ba347440c4594fd90751496d9f,
        type: 3}
      propertyPath: m_LocalRotation.x
      value: 0
      objectReference: {fileID: 0}
    - target: {fileID: 5727738197150775523, guid: 6dd6d9ba347440c4594fd90751496d9f,
        type: 3}
      propertyPath: m_LocalRotation.y
      value: 0
      objectReference: {fileID: 0}
    - target: {fileID: 5727738197150775523, guid: 6dd6d9ba347440c4594fd90751496d9f,
        type: 3}
      propertyPath: m_LocalRotation.z
      value: 0
      objectReference: {fileID: 0}
    - target: {fileID: 5727738197150775523, guid: 6dd6d9ba347440c4594fd90751496d9f,
        type: 3}
      propertyPath: m_LocalEulerAnglesHint.x
      value: 0
      objectReference: {fileID: 0}
    - target: {fileID: 5727738197150775523, guid: 6dd6d9ba347440c4594fd90751496d9f,
        type: 3}
      propertyPath: m_LocalEulerAnglesHint.y
      value: 0
      objectReference: {fileID: 0}
    - target: {fileID: 5727738197150775523, guid: 6dd6d9ba347440c4594fd90751496d9f,
        type: 3}
      propertyPath: m_LocalEulerAnglesHint.z
      value: 0
      objectReference: {fileID: 0}
    - target: {fileID: 5727738197150775546, guid: 6dd6d9ba347440c4594fd90751496d9f,
        type: 3}
      propertyPath: m_Name
      value: Player
      objectReference: {fileID: 0}
    - target: {fileID: 5727738197150775546, guid: 6dd6d9ba347440c4594fd90751496d9f,
        type: 3}
      propertyPath: m_TagString
      value: Player
      objectReference: {fileID: 0}
    m_RemovedComponents: []
    m_AddedGameObjects:
    - targetCorrespondingSourceObject: {fileID: 5727738197150775523, guid: 6dd6d9ba347440c4594fd90751496d9f,
        type: 3}
      insertIndex: -1
      addedObject: {fileID: 342138503}
    - targetCorrespondingSourceObject: {fileID: 5727738197150775523, guid: 6dd6d9ba347440c4594fd90751496d9f,
        type: 3}
      insertIndex: -1
      addedObject: {fileID: 543450653084687936}
    - targetCorrespondingSourceObject: {fileID: 5727738197150775523, guid: 6dd6d9ba347440c4594fd90751496d9f,
        type: 3}
      insertIndex: -1
      addedObject: {fileID: 597947586}
  m_SourcePrefab: {fileID: 100100000, guid: 6dd6d9ba347440c4594fd90751496d9f, type: 3}
--- !u!1 &1768448033850670268 stripped
GameObject:
  m_CorrespondingSourceObject: {fileID: 4349613698614208774, guid: 6dd6d9ba347440c4594fd90751496d9f,
    type: 3}
  m_PrefabInstance: {fileID: 2654349166405916090}
  m_PrefabAsset: {fileID: 0}
--- !u!114 &1077551817
MonoBehaviour:
  m_ObjectHideFlags: 0
  m_CorrespondingSourceObject: {fileID: 0}
  m_PrefabInstance: {fileID: 0}
  m_PrefabAsset: {fileID: 0}
  m_GameObject: {fileID: 1768448033850670268}
  m_Enabled: 1
  m_EditorHideFlags: 0
  m_Script: {fileID: 11500000, guid: ca96868baaa2b0c439bfa6bc073cb989, type: 3}
  m_Name: 
  m_EditorClassIdentifier: 
--- !u!1 &7758337715482996032 stripped
GameObject:
  m_CorrespondingSourceObject: {fileID: 5727738197150775546, guid: 6dd6d9ba347440c4594fd90751496d9f,
    type: 3}
  m_PrefabInstance: {fileID: 2654349166405916090}
  m_PrefabAsset: {fileID: 0}
--- !u!54 &840972098
Rigidbody:
  m_ObjectHideFlags: 0
  m_CorrespondingSourceObject: {fileID: 0}
  m_PrefabInstance: {fileID: 0}
  m_PrefabAsset: {fileID: 0}
  m_GameObject: {fileID: 7758337715482996032}
  serializedVersion: 2
  m_Mass: 1
  m_Drag: 0
  m_AngularDrag: 0.05
  m_UseGravity: 0
  m_IsKinematic: 1
  m_Interpolate: 0
  m_Constraints: 0
  m_CollisionDetection: 0
--- !u!65 &840972093
BoxCollider:
  m_ObjectHideFlags: 0
  m_CorrespondingSourceObject: {fileID: 0}
  m_PrefabInstance: {fileID: 0}
  m_PrefabAsset: {fileID: 0}
  m_GameObject: {fileID: 7758337715482996032}
  m_Material: {fileID: 0}
  m_IsTrigger: 0
  m_Enabled: 0
  serializedVersion: 2
  m_Size: {x: 1, y: 2.3823357, z: 1}
  m_Center: {x: 0, y: 1.210743, z: 0}
--- !u!4 &7758337715482996057 stripped
Transform:
  m_CorrespondingSourceObject: {fileID: 5727738197150775523, guid: 6dd6d9ba347440c4594fd90751496d9f,
    type: 3}
  m_PrefabInstance: {fileID: 2654349166405916090}
  m_PrefabAsset: {fileID: 0}
--- !u!1001 &2927756990805420767
PrefabInstance:
  m_ObjectHideFlags: 0
  serializedVersion: 2
  m_Modification:
    serializedVersion: 2
    m_TransformParent: {fileID: 7055245110091068060}
    m_Modifications:
    - target: {fileID: 5244698672329142353, guid: 4c282f6ece864d4469d96bfed546b674,
        type: 3}
      propertyPath: parameters.target
      value: 
      objectReference: {fileID: 342138503}
    - target: {fileID: 5244698672329142353, guid: 4c282f6ece864d4469d96bfed546b674,
        type: 3}
      propertyPath: parameters.offset.z
      value: 11
      objectReference: {fileID: 0}
    - target: {fileID: 5244698672329142353, guid: 4c282f6ece864d4469d96bfed546b674,
        type: 3}
      propertyPath: positionParameters.height
      value: 1.2
      objectReference: {fileID: 0}
    - target: {fileID: 5244698672329142353, guid: 4c282f6ece864d4469d96bfed546b674,
        type: 3}
      propertyPath: positionParameters.distance
      value: 7
      objectReference: {fileID: 0}
    - target: {fileID: 5244698672329142353, guid: 4c282f6ece864d4469d96bfed546b674,
        type: 3}
      propertyPath: positionParameters.heightType
      value: 1
      objectReference: {fileID: 0}
    - target: {fileID: 5244698672329142353, guid: 4c282f6ece864d4469d96bfed546b674,
        type: 3}
      propertyPath: parameters.mainCameraSmoothing
      value: 0.5
      objectReference: {fileID: 0}
    - target: {fileID: 5244698672329142353, guid: 4c282f6ece864d4469d96bfed546b674,
        type: 3}
      propertyPath: positionParameters.heightSmoothing
      value: 0.07
      objectReference: {fileID: 0}
    - target: {fileID: 5244698672329142353, guid: 4c282f6ece864d4469d96bfed546b674,
        type: 3}
      propertyPath: positionParameters.distanceSmoothing
      value: 0.8
      objectReference: {fileID: 0}
    - target: {fileID: 5244698672329142353, guid: 4c282f6ece864d4469d96bfed546b674,
        type: 3}
      propertyPath: rotationParameters.lookAtTargetInterpolation
      value: 0.1
      objectReference: {fileID: 0}
    - target: {fileID: 7101963433121246741, guid: 4c282f6ece864d4469d96bfed546b674,
        type: 3}
      propertyPath: customRenderingSettings
      value: 1
      objectReference: {fileID: 0}
    - target: {fileID: 7101963433121246741, guid: 4c282f6ece864d4469d96bfed546b674,
        type: 3}
      propertyPath: m_RenderingPathCustomFrameSettings.bitDatas.data2
      value: 13763000477350199320
      objectReference: {fileID: 0}
    - target: {fileID: 7101963433121246741, guid: 4c282f6ece864d4469d96bfed546b674,
        type: 3}
      propertyPath: renderingPathCustomFrameSettingsOverrideMask.mask.data1
      value: 5836665666829025151
      objectReference: {fileID: 0}
    - target: {fileID: 7101963433121246741, guid: 4c282f6ece864d4469d96bfed546b674,
        type: 3}
      propertyPath: renderingPathCustomFrameSettingsOverrideMask.mask.data2
      value: 13958578207
      objectReference: {fileID: 0}
    - target: {fileID: 8578120805710881978, guid: 4c282f6ece864d4469d96bfed546b674,
        type: 3}
      propertyPath: m_Name
      value: Camera
      objectReference: {fileID: 0}
    - target: {fileID: 8578120805710881990, guid: 4c282f6ece864d4469d96bfed546b674,
        type: 3}
      propertyPath: m_RootOrder
      value: -1
      objectReference: {fileID: 0}
    - target: {fileID: 8578120805710881990, guid: 4c282f6ece864d4469d96bfed546b674,
        type: 3}
      propertyPath: m_LocalPosition.x
      value: 591.2156
      objectReference: {fileID: 0}
    - target: {fileID: 8578120805710881990, guid: 4c282f6ece864d4469d96bfed546b674,
        type: 3}
      propertyPath: m_LocalPosition.y
      value: 18.02
      objectReference: {fileID: 0}
    - target: {fileID: 8578120805710881990, guid: 4c282f6ece864d4469d96bfed546b674,
        type: 3}
      propertyPath: m_LocalPosition.z
      value: 473.67325
      objectReference: {fileID: 0}
    - target: {fileID: 8578120805710881990, guid: 4c282f6ece864d4469d96bfed546b674,
        type: 3}
      propertyPath: m_LocalRotation.w
      value: 1
      objectReference: {fileID: 0}
    - target: {fileID: 8578120805710881990, guid: 4c282f6ece864d4469d96bfed546b674,
        type: 3}
      propertyPath: m_LocalRotation.x
      value: 0
      objectReference: {fileID: 0}
    - target: {fileID: 8578120805710881990, guid: 4c282f6ece864d4469d96bfed546b674,
        type: 3}
      propertyPath: m_LocalRotation.y
      value: 0
      objectReference: {fileID: 0}
    - target: {fileID: 8578120805710881990, guid: 4c282f6ece864d4469d96bfed546b674,
        type: 3}
      propertyPath: m_LocalRotation.z
      value: 0
      objectReference: {fileID: 0}
    - target: {fileID: 8578120805710881990, guid: 4c282f6ece864d4469d96bfed546b674,
        type: 3}
      propertyPath: m_LocalEulerAnglesHint.x
      value: 0
      objectReference: {fileID: 0}
    - target: {fileID: 8578120805710881990, guid: 4c282f6ece864d4469d96bfed546b674,
        type: 3}
      propertyPath: m_LocalEulerAnglesHint.y
      value: 0
      objectReference: {fileID: 0}
    - target: {fileID: 8578120805710881990, guid: 4c282f6ece864d4469d96bfed546b674,
        type: 3}
      propertyPath: m_LocalEulerAnglesHint.z
      value: 0
      objectReference: {fileID: 0}
    m_RemovedComponents: []
    m_AddedGameObjects: []
  m_SourcePrefab: {fileID: 100100000, guid: 4c282f6ece864d4469d96bfed546b674, type: 3}
--- !u!4 &6893568556841520665 stripped
Transform:
  m_CorrespondingSourceObject: {fileID: 8578120805710881990, guid: 4c282f6ece864d4469d96bfed546b674,
    type: 3}
  m_PrefabInstance: {fileID: 2927756990805420767}
  m_PrefabAsset: {fileID: 0}
--- !u!1001 &4483387604370859761
PrefabInstance:
  m_ObjectHideFlags: 0
  serializedVersion: 2
  m_Modification:
    serializedVersion: 2
    m_TransformParent: {fileID: 45617279283161584}
    m_Modifications:
    - target: {fileID: 1656815501300583567, guid: bdf897ce02d69964491b2c85f2f484f1,
        type: 3}
      propertyPath: m_RootOrder
      value: 0
      objectReference: {fileID: 0}
    - target: {fileID: 1656815501300583567, guid: bdf897ce02d69964491b2c85f2f484f1,
        type: 3}
      propertyPath: m_LocalPosition.x
      value: -51.464478
      objectReference: {fileID: 0}
    - target: {fileID: 1656815501300583567, guid: bdf897ce02d69964491b2c85f2f484f1,
        type: 3}
      propertyPath: m_LocalPosition.y
      value: -7.0625916
      objectReference: {fileID: 0}
    - target: {fileID: 1656815501300583567, guid: bdf897ce02d69964491b2c85f2f484f1,
        type: 3}
      propertyPath: m_LocalPosition.z
      value: 11.777435
      objectReference: {fileID: 0}
    - target: {fileID: 1656815501300583567, guid: bdf897ce02d69964491b2c85f2f484f1,
        type: 3}
      propertyPath: m_LocalRotation.w
      value: 1
      objectReference: {fileID: 0}
    - target: {fileID: 1656815501300583567, guid: bdf897ce02d69964491b2c85f2f484f1,
        type: 3}
      propertyPath: m_LocalRotation.x
      value: -0
      objectReference: {fileID: 0}
    - target: {fileID: 1656815501300583567, guid: bdf897ce02d69964491b2c85f2f484f1,
        type: 3}
      propertyPath: m_LocalRotation.y
      value: -0
      objectReference: {fileID: 0}
    - target: {fileID: 1656815501300583567, guid: bdf897ce02d69964491b2c85f2f484f1,
        type: 3}
      propertyPath: m_LocalRotation.z
      value: -0
      objectReference: {fileID: 0}
    - target: {fileID: 1656815501300583567, guid: bdf897ce02d69964491b2c85f2f484f1,
        type: 3}
      propertyPath: m_LocalEulerAnglesHint.x
      value: 0
      objectReference: {fileID: 0}
    - target: {fileID: 1656815501300583567, guid: bdf897ce02d69964491b2c85f2f484f1,
        type: 3}
      propertyPath: m_LocalEulerAnglesHint.y
      value: 0
      objectReference: {fileID: 0}
    - target: {fileID: 1656815501300583567, guid: bdf897ce02d69964491b2c85f2f484f1,
        type: 3}
      propertyPath: m_LocalEulerAnglesHint.z
      value: 0
      objectReference: {fileID: 0}
    - target: {fileID: 2140863793697232437, guid: bdf897ce02d69964491b2c85f2f484f1,
        type: 3}
      propertyPath: m_Name
      value: RIGHT_HAND_OBJ
      objectReference: {fileID: 0}
    m_RemovedComponents: []
    m_AddedGameObjects: []
  m_SourcePrefab: {fileID: 100100000, guid: bdf897ce02d69964491b2c85f2f484f1, type: 3}
--- !u!4 &2938037654707235454 stripped
Transform:
  m_CorrespondingSourceObject: {fileID: 1656815501300583567, guid: bdf897ce02d69964491b2c85f2f484f1,
    type: 3}
  m_PrefabInstance: {fileID: 4483387604370859761}
  m_PrefabAsset: {fileID: 0}
--- !u!1001 &4490795450629501471
PrefabInstance:
  m_ObjectHideFlags: 0
  serializedVersion: 2
  m_Modification:
    serializedVersion: 2
    m_TransformParent: {fileID: 45617279283161584}
    m_Modifications:
    - target: {fileID: 1656815501300583567, guid: 4a89993bf566ac2448604417e185a75e,
        type: 3}
      propertyPath: m_RootOrder
      value: 1
      objectReference: {fileID: 0}
    - target: {fileID: 1656815501300583567, guid: 4a89993bf566ac2448604417e185a75e,
        type: 3}
      propertyPath: m_LocalPosition.x
      value: 662.9
      objectReference: {fileID: 0}
    - target: {fileID: 1656815501300583567, guid: 4a89993bf566ac2448604417e185a75e,
        type: 3}
      propertyPath: m_LocalPosition.y
      value: -97.84298
      objectReference: {fileID: 0}
    - target: {fileID: 1656815501300583567, guid: 4a89993bf566ac2448604417e185a75e,
        type: 3}
      propertyPath: m_LocalPosition.z
      value: 483.33417
      objectReference: {fileID: 0}
    - target: {fileID: 1656815501300583567, guid: 4a89993bf566ac2448604417e185a75e,
        type: 3}
      propertyPath: m_LocalRotation.w
      value: 1
      objectReference: {fileID: 0}
    - target: {fileID: 1656815501300583567, guid: 4a89993bf566ac2448604417e185a75e,
        type: 3}
      propertyPath: m_LocalRotation.x
      value: 0
      objectReference: {fileID: 0}
    - target: {fileID: 1656815501300583567, guid: 4a89993bf566ac2448604417e185a75e,
        type: 3}
      propertyPath: m_LocalRotation.y
      value: 0
      objectReference: {fileID: 0}
    - target: {fileID: 1656815501300583567, guid: 4a89993bf566ac2448604417e185a75e,
        type: 3}
      propertyPath: m_LocalRotation.z
      value: 0
      objectReference: {fileID: 0}
    - target: {fileID: 1656815501300583567, guid: 4a89993bf566ac2448604417e185a75e,
        type: 3}
      propertyPath: m_LocalEulerAnglesHint.x
      value: 0
      objectReference: {fileID: 0}
    - target: {fileID: 1656815501300583567, guid: 4a89993bf566ac2448604417e185a75e,
        type: 3}
      propertyPath: m_LocalEulerAnglesHint.y
      value: 0
      objectReference: {fileID: 0}
    - target: {fileID: 1656815501300583567, guid: 4a89993bf566ac2448604417e185a75e,
        type: 3}
      propertyPath: m_LocalEulerAnglesHint.z
      value: 0
      objectReference: {fileID: 0}
    - target: {fileID: 2140863793697232437, guid: 4a89993bf566ac2448604417e185a75e,
        type: 3}
      propertyPath: m_Name
      value: RIGHT_HAND_OBJ_PURPLE_LUM
      objectReference: {fileID: 0}
    m_RemovedComponents: []
    m_AddedGameObjects: []
  m_SourcePrefab: {fileID: 100100000, guid: 4a89993bf566ac2448604417e185a75e, type: 3}
--- !u!4 &2930913449164144272 stripped
Transform:
  m_CorrespondingSourceObject: {fileID: 1656815501300583567, guid: 4a89993bf566ac2448604417e185a75e,
    type: 3}
  m_PrefabInstance: {fileID: 4490795450629501471}
  m_PrefabAsset: {fileID: 0}
--- !u!1001 &6638543729325602813
PrefabInstance:
  m_ObjectHideFlags: 0
  serializedVersion: 2
  m_Modification:
    serializedVersion: 2
    m_TransformParent: {fileID: 7055245110091068060}
    m_Modifications:
    - target: {fileID: 1531904297542722562, guid: 851e2a980985a42499bf3977abd0fc5b,
        type: 3}
      propertyPath: m_ActionEvents.Array.size
      value: 31
      objectReference: {fileID: 0}
    - target: {fileID: 1531904297542722562, guid: 851e2a980985a42499bf3977abd0fc5b,
        type: 3}
      propertyPath: m_ActionEvents.Array.data[30].m_ActionId
      value: c8dcbb80-97aa-420e-8420-77c57c924e1f
      objectReference: {fileID: 0}
    - target: {fileID: 1531904297542722562, guid: 851e2a980985a42499bf3977abd0fc5b,
        type: 3}
      propertyPath: m_ActionEvents.Array.data[30].m_ActionName
      value: Player/DepthControl[/Keyboard/f,/Keyboard/r,/XInputControllerWindows/leftTrigger,/XInputControllerWindows/rightTrigger]
      objectReference: {fileID: 0}
    - target: {fileID: 1531904297542722562, guid: 851e2a980985a42499bf3977abd0fc5b,
        type: 3}
      propertyPath: m_ActionEvents.Array.data[30].m_PersistentCalls.m_Calls.Array.size
      value: 1
      objectReference: {fileID: 0}
    - target: {fileID: 1531904297542722562, guid: 851e2a980985a42499bf3977abd0fc5b,
        type: 3}
      propertyPath: m_ActionEvents.Array.data[30].m_PersistentCalls.m_Calls.Array.data[0].m_Target
      value: 
      objectReference: {fileID: 4717206824087740517}
    - target: {fileID: 1531904297542722562, guid: 851e2a980985a42499bf3977abd0fc5b,
        type: 3}
      propertyPath: m_ActionEvents.Array.data[30].m_PersistentCalls.m_Calls.Array.data[0].m_CallState
      value: 2
      objectReference: {fileID: 0}
    - target: {fileID: 1531904297542722562, guid: 851e2a980985a42499bf3977abd0fc5b,
        type: 3}
      propertyPath: m_ActionEvents.Array.data[30].m_PersistentCalls.m_Calls.Array.data[0].m_MethodName
      value: OnDepthControlInputAction
      objectReference: {fileID: 0}
    - target: {fileID: 1531904297542722562, guid: 851e2a980985a42499bf3977abd0fc5b,
        type: 3}
      propertyPath: m_ActionEvents.Array.data[30].m_PersistentCalls.m_Calls.Array.data[0].m_TargetAssemblyTypeName
      value: Assets.Scripts.GameMechanics.Entities.NewPlayer.Input.NewPlayerInputHandler,
        Assembly-CSharp
      objectReference: {fileID: 0}
    - target: {fileID: 1531904297542722562, guid: 851e2a980985a42499bf3977abd0fc5b,
        type: 3}
      propertyPath: m_ActionEvents.Array.data[30].m_PersistentCalls.m_Calls.Array.data[0].m_Arguments.m_ObjectArgumentAssemblyTypeName
      value: UnityEngine.Object, UnityEngine
      objectReference: {fileID: 0}
    - target: {fileID: 5281176861825029234, guid: 851e2a980985a42499bf3977abd0fc5b,
        type: 3}
      propertyPath: m_RootOrder
      value: 0
      objectReference: {fileID: 0}
    - target: {fileID: 5281176861825029234, guid: 851e2a980985a42499bf3977abd0fc5b,
        type: 3}
      propertyPath: m_LocalPosition.x
      value: 0
      objectReference: {fileID: 0}
    - target: {fileID: 5281176861825029234, guid: 851e2a980985a42499bf3977abd0fc5b,
        type: 3}
      propertyPath: m_LocalPosition.y
      value: 0
      objectReference: {fileID: 0}
    - target: {fileID: 5281176861825029234, guid: 851e2a980985a42499bf3977abd0fc5b,
        type: 3}
      propertyPath: m_LocalPosition.z
      value: 0
      objectReference: {fileID: 0}
    - target: {fileID: 5281176861825029234, guid: 851e2a980985a42499bf3977abd0fc5b,
        type: 3}
      propertyPath: m_LocalRotation.w
      value: 1
      objectReference: {fileID: 0}
    - target: {fileID: 5281176861825029234, guid: 851e2a980985a42499bf3977abd0fc5b,
        type: 3}
      propertyPath: m_LocalRotation.x
      value: 0
      objectReference: {fileID: 0}
    - target: {fileID: 5281176861825029234, guid: 851e2a980985a42499bf3977abd0fc5b,
        type: 3}
      propertyPath: m_LocalRotation.y
      value: 0
      objectReference: {fileID: 0}
    - target: {fileID: 5281176861825029234, guid: 851e2a980985a42499bf3977abd0fc5b,
        type: 3}
      propertyPath: m_LocalRotation.z
      value: 0
      objectReference: {fileID: 0}
    - target: {fileID: 5281176861825029234, guid: 851e2a980985a42499bf3977abd0fc5b,
        type: 3}
      propertyPath: m_LocalEulerAnglesHint.x
      value: 0
      objectReference: {fileID: 0}
    - target: {fileID: 5281176861825029234, guid: 851e2a980985a42499bf3977abd0fc5b,
        type: 3}
      propertyPath: m_LocalEulerAnglesHint.y
      value: 0
      objectReference: {fileID: 0}
    - target: {fileID: 5281176861825029234, guid: 851e2a980985a42499bf3977abd0fc5b,
        type: 3}
      propertyPath: m_LocalEulerAnglesHint.z
      value: 0
      objectReference: {fileID: 0}
    - target: {fileID: 5281176861825029236, guid: 851e2a980985a42499bf3977abd0fc5b,
        type: 3}
      propertyPath: m_Name
      value: SuperObject
      objectReference: {fileID: 0}
    m_RemovedComponents: []
    m_AddedGameObjects: []
  m_SourcePrefab: {fileID: 100100000, guid: 851e2a980985a42499bf3977abd0fc5b, type: 3}
--- !u!4 &1543144806581969807 stripped
Transform:
  m_CorrespondingSourceObject: {fileID: 5281176861825029234, guid: 851e2a980985a42499bf3977abd0fc5b,
    type: 3}
  m_PrefabInstance: {fileID: 6638543729325602813}
  m_PrefabAsset: {fileID: 0}
--- !u!114 &4717206824087740517 stripped
MonoBehaviour:
  m_CorrespondingSourceObject: {fileID: -7109430346297043048, guid: 851e2a980985a42499bf3977abd0fc5b,
    type: 3}
  m_PrefabInstance: {fileID: 6638543729325602813}
  m_PrefabAsset: {fileID: 0}
  m_GameObject: {fileID: 0}
  m_Enabled: 1
  m_EditorHideFlags: 0
  m_Script: {fileID: 11500000, guid: 691e5c99ed9d10f42810301133149b13, type: 3}
  m_Name: 
  m_EditorClassIdentifier: 
--- !u!1001 &7970644624635083570
PrefabInstance:
  m_ObjectHideFlags: 0
  serializedVersion: 2
  m_Modification:
    serializedVersion: 2
    m_TransformParent: {fileID: 7055245110091068060}
    m_Modifications:
    - target: {fileID: 7572970046734380893, guid: b8ba451a950785647842b59477100da4,
        type: 3}
      propertyPath: m_Size
      value: 0
      objectReference: {fileID: 0}
    - target: {fileID: 7572970046734380893, guid: b8ba451a950785647842b59477100da4,
        type: 3}
      propertyPath: m_Value
      value: 0
      objectReference: {fileID: 0}
    - target: {fileID: 7572970046745117179, guid: b8ba451a950785647842b59477100da4,
        type: 3}
      propertyPath: m_Name
      value: IngameDebugConsole
      objectReference: {fileID: 0}
    - target: {fileID: 7572970046758931129, guid: b8ba451a950785647842b59477100da4,
        type: 3}
      propertyPath: m_AnchoredPosition.y
      value: 0.000030517578
      objectReference: {fileID: 0}
    - target: {fileID: 7572970046758986049, guid: b8ba451a950785647842b59477100da4,
        type: 3}
      propertyPath: m_AnchorMax.y
      value: 0
      objectReference: {fileID: 0}
    - target: {fileID: 7572970046758986049, guid: b8ba451a950785647842b59477100da4,
        type: 3}
      propertyPath: m_AnchorMin.y
      value: 0
      objectReference: {fileID: 0}
    - target: {fileID: 7572970046758986049, guid: b8ba451a950785647842b59477100da4,
        type: 3}
      propertyPath: m_SizeDelta.x
      value: 0
      objectReference: {fileID: 0}
    - target: {fileID: 7572970046758986049, guid: b8ba451a950785647842b59477100da4,
        type: 3}
      propertyPath: m_SizeDelta.y
      value: 0
      objectReference: {fileID: 0}
    - target: {fileID: 7572970046758986049, guid: b8ba451a950785647842b59477100da4,
        type: 3}
      propertyPath: m_AnchoredPosition.x
      value: 0
      objectReference: {fileID: 0}
    - target: {fileID: 7572970046758986049, guid: b8ba451a950785647842b59477100da4,
        type: 3}
      propertyPath: m_AnchoredPosition.y
      value: 0
      objectReference: {fileID: 0}
    - target: {fileID: 7572970046758989571, guid: b8ba451a950785647842b59477100da4,
        type: 3}
      propertyPath: m_Pivot.x
      value: 0
      objectReference: {fileID: 0}
    - target: {fileID: 7572970046758989571, guid: b8ba451a950785647842b59477100da4,
        type: 3}
      propertyPath: m_Pivot.y
      value: 0
      objectReference: {fileID: 0}
    - target: {fileID: 7572970046758989571, guid: b8ba451a950785647842b59477100da4,
        type: 3}
      propertyPath: m_RootOrder
      value: 3
      objectReference: {fileID: 0}
    - target: {fileID: 7572970046758989571, guid: b8ba451a950785647842b59477100da4,
        type: 3}
      propertyPath: m_AnchorMax.x
      value: 0
      objectReference: {fileID: 0}
    - target: {fileID: 7572970046758989571, guid: b8ba451a950785647842b59477100da4,
        type: 3}
      propertyPath: m_AnchorMax.y
      value: 0
      objectReference: {fileID: 0}
    - target: {fileID: 7572970046758989571, guid: b8ba451a950785647842b59477100da4,
        type: 3}
      propertyPath: m_AnchorMin.x
      value: 0
      objectReference: {fileID: 0}
    - target: {fileID: 7572970046758989571, guid: b8ba451a950785647842b59477100da4,
        type: 3}
      propertyPath: m_AnchorMin.y
      value: 0
      objectReference: {fileID: 0}
    - target: {fileID: 7572970046758989571, guid: b8ba451a950785647842b59477100da4,
        type: 3}
      propertyPath: m_SizeDelta.x
      value: 0
      objectReference: {fileID: 0}
    - target: {fileID: 7572970046758989571, guid: b8ba451a950785647842b59477100da4,
        type: 3}
      propertyPath: m_SizeDelta.y
      value: 0
      objectReference: {fileID: 0}
    - target: {fileID: 7572970046758989571, guid: b8ba451a950785647842b59477100da4,
        type: 3}
      propertyPath: m_LocalPosition.x
      value: 0
      objectReference: {fileID: 0}
    - target: {fileID: 7572970046758989571, guid: b8ba451a950785647842b59477100da4,
        type: 3}
      propertyPath: m_LocalPosition.y
      value: 0
      objectReference: {fileID: 0}
    - target: {fileID: 7572970046758989571, guid: b8ba451a950785647842b59477100da4,
        type: 3}
      propertyPath: m_LocalPosition.z
      value: 0
      objectReference: {fileID: 0}
    - target: {fileID: 7572970046758989571, guid: b8ba451a950785647842b59477100da4,
        type: 3}
      propertyPath: m_LocalRotation.w
      value: 1
      objectReference: {fileID: 0}
    - target: {fileID: 7572970046758989571, guid: b8ba451a950785647842b59477100da4,
        type: 3}
      propertyPath: m_LocalRotation.x
      value: 0
      objectReference: {fileID: 0}
    - target: {fileID: 7572970046758989571, guid: b8ba451a950785647842b59477100da4,
        type: 3}
      propertyPath: m_LocalRotation.y
      value: 0
      objectReference: {fileID: 0}
    - target: {fileID: 7572970046758989571, guid: b8ba451a950785647842b59477100da4,
        type: 3}
      propertyPath: m_LocalRotation.z
      value: 0
      objectReference: {fileID: 0}
    - target: {fileID: 7572970046758989571, guid: b8ba451a950785647842b59477100da4,
        type: 3}
      propertyPath: m_AnchoredPosition.x
      value: 0
      objectReference: {fileID: 0}
    - target: {fileID: 7572970046758989571, guid: b8ba451a950785647842b59477100da4,
        type: 3}
      propertyPath: m_AnchoredPosition.y
      value: 0
      objectReference: {fileID: 0}
    - target: {fileID: 7572970046758989571, guid: b8ba451a950785647842b59477100da4,
        type: 3}
      propertyPath: m_LocalEulerAnglesHint.x
      value: 0
      objectReference: {fileID: 0}
    - target: {fileID: 7572970046758989571, guid: b8ba451a950785647842b59477100da4,
        type: 3}
      propertyPath: m_LocalEulerAnglesHint.y
      value: 0
      objectReference: {fileID: 0}
    - target: {fileID: 7572970046758989571, guid: b8ba451a950785647842b59477100da4,
        type: 3}
      propertyPath: m_LocalEulerAnglesHint.z
      value: 0
      objectReference: {fileID: 0}
    - target: {fileID: 7572970046759001443, guid: b8ba451a950785647842b59477100da4,
        type: 3}
      propertyPath: m_AnchorMax.y
      value: 0
      objectReference: {fileID: 0}
    - target: {fileID: 7572970046759001443, guid: b8ba451a950785647842b59477100da4,
        type: 3}
      propertyPath: m_AnchorMin.y
      value: 0
      objectReference: {fileID: 0}
    - target: {fileID: 7572970046759001443, guid: b8ba451a950785647842b59477100da4,
        type: 3}
      propertyPath: m_SizeDelta.x
      value: 0
      objectReference: {fileID: 0}
    - target: {fileID: 7572970046759001443, guid: b8ba451a950785647842b59477100da4,
        type: 3}
      propertyPath: m_SizeDelta.y
      value: 0
      objectReference: {fileID: 0}
    - target: {fileID: 7572970046759001443, guid: b8ba451a950785647842b59477100da4,
        type: 3}
      propertyPath: m_AnchoredPosition.x
      value: 0
      objectReference: {fileID: 0}
    - target: {fileID: 7572970046759001443, guid: b8ba451a950785647842b59477100da4,
        type: 3}
      propertyPath: m_AnchoredPosition.y
      value: 0
      objectReference: {fileID: 0}
    - target: {fileID: 7572970046759024035, guid: b8ba451a950785647842b59477100da4,
        type: 3}
      propertyPath: m_AnchorMax.x
      value: 0
      objectReference: {fileID: 0}
    - target: {fileID: 7572970046759024035, guid: b8ba451a950785647842b59477100da4,
        type: 3}
      propertyPath: m_AnchorMax.y
      value: 0
      objectReference: {fileID: 0}
    - target: {fileID: 7572970046759025019, guid: b8ba451a950785647842b59477100da4,
        type: 3}
      propertyPath: m_AnchorMax.y
      value: 0
      objectReference: {fileID: 0}
    - target: {fileID: 7572970046759025019, guid: b8ba451a950785647842b59477100da4,
        type: 3}
      propertyPath: m_AnchorMin.y
      value: 0
      objectReference: {fileID: 0}
    - target: {fileID: 7572970046759025019, guid: b8ba451a950785647842b59477100da4,
        type: 3}
      propertyPath: m_SizeDelta.x
      value: 0
      objectReference: {fileID: 0}
    - target: {fileID: 7572970046759025019, guid: b8ba451a950785647842b59477100da4,
        type: 3}
      propertyPath: m_SizeDelta.y
      value: 0
      objectReference: {fileID: 0}
    - target: {fileID: 7572970046759025019, guid: b8ba451a950785647842b59477100da4,
        type: 3}
      propertyPath: m_AnchoredPosition.x
      value: 0
      objectReference: {fileID: 0}
    - target: {fileID: 7572970046759025019, guid: b8ba451a950785647842b59477100da4,
        type: 3}
      propertyPath: m_AnchoredPosition.y
      value: 0
      objectReference: {fileID: 0}
    - target: {fileID: 7572970046759084573, guid: b8ba451a950785647842b59477100da4,
        type: 3}
      propertyPath: m_AnchorMax.y
      value: 0
      objectReference: {fileID: 0}
    - target: {fileID: 7572970046759084573, guid: b8ba451a950785647842b59477100da4,
        type: 3}
      propertyPath: m_AnchorMin.y
      value: 0
      objectReference: {fileID: 0}
    - target: {fileID: 7572970046759084573, guid: b8ba451a950785647842b59477100da4,
        type: 3}
      propertyPath: m_SizeDelta.x
      value: 0
      objectReference: {fileID: 0}
    - target: {fileID: 7572970046759084573, guid: b8ba451a950785647842b59477100da4,
        type: 3}
      propertyPath: m_SizeDelta.y
      value: 0
      objectReference: {fileID: 0}
    - target: {fileID: 7572970046759084573, guid: b8ba451a950785647842b59477100da4,
        type: 3}
      propertyPath: m_AnchoredPosition.x
      value: 0
      objectReference: {fileID: 0}
    - target: {fileID: 7572970046759084573, guid: b8ba451a950785647842b59477100da4,
        type: 3}
      propertyPath: m_AnchoredPosition.y
      value: 0
      objectReference: {fileID: 0}
    - target: {fileID: 7572970046759093647, guid: b8ba451a950785647842b59477100da4,
        type: 3}
      propertyPath: m_AnchorMax.y
      value: 0
      objectReference: {fileID: 0}
    - target: {fileID: 7572970046759093647, guid: b8ba451a950785647842b59477100da4,
        type: 3}
      propertyPath: m_AnchorMin.y
      value: 0
      objectReference: {fileID: 0}
    - target: {fileID: 7572970046759093647, guid: b8ba451a950785647842b59477100da4,
        type: 3}
      propertyPath: m_SizeDelta.x
      value: 0
      objectReference: {fileID: 0}
    - target: {fileID: 7572970046759093647, guid: b8ba451a950785647842b59477100da4,
        type: 3}
      propertyPath: m_SizeDelta.y
      value: 0
      objectReference: {fileID: 0}
    - target: {fileID: 7572970046759093647, guid: b8ba451a950785647842b59477100da4,
        type: 3}
      propertyPath: m_AnchoredPosition.x
      value: 0
      objectReference: {fileID: 0}
    - target: {fileID: 7572970046759093647, guid: b8ba451a950785647842b59477100da4,
        type: 3}
      propertyPath: m_AnchoredPosition.y
      value: 0
      objectReference: {fileID: 0}
    - target: {fileID: 7639865879627742277, guid: b8ba451a950785647842b59477100da4,
        type: 3}
      propertyPath: m_AnchorMax.y
      value: 0
      objectReference: {fileID: 0}
    - target: {fileID: 7639865879627742277, guid: b8ba451a950785647842b59477100da4,
        type: 3}
      propertyPath: m_AnchorMin.y
      value: 0
      objectReference: {fileID: 0}
    - target: {fileID: 7639865879627742277, guid: b8ba451a950785647842b59477100da4,
        type: 3}
      propertyPath: m_SizeDelta.x
      value: 0
      objectReference: {fileID: 0}
    - target: {fileID: 7639865879627742277, guid: b8ba451a950785647842b59477100da4,
        type: 3}
      propertyPath: m_SizeDelta.y
      value: 0
      objectReference: {fileID: 0}
    - target: {fileID: 7639865879627742277, guid: b8ba451a950785647842b59477100da4,
        type: 3}
      propertyPath: m_AnchoredPosition.x
      value: 0
      objectReference: {fileID: 0}
    - target: {fileID: 7639865879627742277, guid: b8ba451a950785647842b59477100da4,
        type: 3}
      propertyPath: m_AnchoredPosition.y
      value: 0
      objectReference: {fileID: 0}
    - target: {fileID: 7639963407867915435, guid: b8ba451a950785647842b59477100da4,
        type: 3}
      propertyPath: m_AnchorMax.y
      value: 0
      objectReference: {fileID: 0}
    - target: {fileID: 7639963407867915435, guid: b8ba451a950785647842b59477100da4,
        type: 3}
      propertyPath: m_AnchorMin.y
      value: 0
      objectReference: {fileID: 0}
    - target: {fileID: 7639963407867915435, guid: b8ba451a950785647842b59477100da4,
        type: 3}
      propertyPath: m_SizeDelta.x
      value: 0
      objectReference: {fileID: 0}
    - target: {fileID: 7639963407867915435, guid: b8ba451a950785647842b59477100da4,
        type: 3}
      propertyPath: m_SizeDelta.y
      value: 0
      objectReference: {fileID: 0}
    - target: {fileID: 7639963407867915435, guid: b8ba451a950785647842b59477100da4,
        type: 3}
      propertyPath: m_AnchoredPosition.x
      value: 0
      objectReference: {fileID: 0}
    - target: {fileID: 7639963407867915435, guid: b8ba451a950785647842b59477100da4,
        type: 3}
      propertyPath: m_AnchoredPosition.y
      value: 0
      objectReference: {fileID: 0}
    m_RemovedComponents: []
    m_AddedGameObjects: []
  m_SourcePrefab: {fileID: 100100000, guid: b8ba451a950785647842b59477100da4, type: 3}
--- !u!224 &542106700773987377 stripped
RectTransform:
  m_CorrespondingSourceObject: {fileID: 7572970046758989571, guid: b8ba451a950785647842b59477100da4,
    type: 3}
  m_PrefabInstance: {fileID: 7970644624635083570}
  m_PrefabAsset: {fileID: 0}
